<?xml version="1.0" encoding="UTF-8"?><collection xmlns="http://www.loc.gov/MARC21/slim"><record><leader>00500nam--2200193-u-4500</leader><controlfield tag="001">000056862</controlfield><controlfield tag="002">20200911</controlfield><controlfield tag="005">20200911023828</controlfield><controlfield tag="008">200911s1000------------r-----000-0-eng-d</controlfield><datafield ind1=" " ind2=" " tag="040"><subfield code="a">IFIN-HH</subfield></datafield><datafield ind1="1" ind2=" " tag="041"><subfield code="a">eng</subfield></datafield><datafield ind1="1" ind2=" " tag="100"><subfield code="a">Greiner, Walter</subfield></datafield><datafield ind1="1" ind2="0" tag="245"><subfield code="a">Nuclear Models</subfield><subfield code="c">Walter Greiner; Joachim A. Marhun</subfield></datafield><datafield ind1=" " ind2=" " tag="260"><subfield code="b">Springer</subfield><subfield code="c">1996</subfield></datafield><datafield ind1=" " ind2=" " tag="300"><subfield code="a">IX+375 p</subfield></datafield><datafield ind1=" " ind2=" " tag="500"><subfield code="a">Donatie Acad. Nicolae Victor Zamfir</subfield></datafield><datafield ind1="1" ind2=" " tag="700"><subfield code="a">Marhun, Joachim A</subfield></datafield><datafield ind1="1" ind2=" " tag="852"><subfield code="a">82806</subfield><subfield code="c">N.V.Z</subfield></datafield><datafield ind1=" " ind2=" " tag="CAT"><subfield code="a">SYS</subfield><subfield code="c">20200911</subfield><subfield code="h">023828</subfield></datafield></record></collection>